01REMESSA01COBRANCA       065500408250        TRAVEL MATE INTERCAMBIO & TURI341BANCO ITAU S.A.090517                                                                                                                                                                                                                                                                                                      000001
10205138734000155065500408250    0000                         088011010000000000000109000000000000000000000I0108801101  09051700000000536803410000008N090517000000000000002040905170000000000000000000000000000000000000000110251359115   PAULO VICENTE DE OLIVEIRA	               SQN209                                 ASA NORTE   70854030BRASILIA       DF                                  10051700 000002
21100520170000000001267                                                                                                                                                                                                                                                                                                                                                                                   000003
9
01REMESSA01COBRANCA       065500408250        TRAVELMATE INTERCÂMBIO E TURIS341BANCO ITAU S.A.090517                                                                                                                                                                                                                                                                                                      000001
10205138734000155065500408250    0000                         085171010000000000000109000000000000000000000I0108517101  10051700000007000003410000008N090517000000000000026600905170000000000000000000000000000000000000000111296148750    FELIPE MARQUES NEVES                    SENHOR DOS PASSOS99                    VILA MODERNA27514090RESENDE        RJ                                  11051700 000002
21110520170000000016520                                                                                                                                                                                                                                                                                                                                                                                   000003
9                                                                                                                                                                                                                                                                                                                                                                                                         000004
01REMESSA01COBRANCA       065500408250        TRAVELMATE INTERCÂMBIO E TURIS341BANCO ITAU S.A.090517                                                                                                                                                                                                                                                                                                      000005
10205138734000155065500408250    0000                         085171010000000000000109000000000000000000000I0108517101  27061700000002705353410000008N090517000000000000010280905170000000000000000000000000000000000000000111296148750    FELIPE MARQUES NEVES                    SENHOR DOS PASSOS99                    VILA MODERNA27514090RESENDE        RJ                                  28061700 000006
21280620170000000006385                                                                                                                                                                                                                                                                                                                                                                                   000007
9                                                                                                                                                                                                                                                                                                                                                                                                         000008
01REMESSA01COBRANCA       065500408250        TRAVELMATE INTERCÂMBIO E TURIS341BANCO ITAU S.A.090517                                                                                                                                                                                                                                                                                                      000009
10205138734000155065500408250    0000                         085171020000000000000109000000000000000000000I0108517102  27071700000002705353410000008N090517000000000000010280905170000000000000000000000000000000000000000111296148750    FELIPE MARQUES NEVES                    SENHOR DOS PASSOS99                    VILA MODERNA27514090RESENDE        RJ                                  28071700 000010
21280720170000000006385                                                                                                                                                                                                                                                                                                                                                                                   000011
9  
01REMESSA01COBRANCA       065500408250        TRAVELMATE INTERCÂMBIO E TURIS341BANCO ITAU S.A.090517                                                                                                                                                                                                                                                                                                      000001
10205138734000155065500408250    0000                         088061010000000000000109000000000000000000000I0108806101  15051700000012411993410000008N090517000000000000047170905170000000000000000000000000000000000000000100718261062   PEDRO HENRIQUE KUNZLER                  AVENIDA MOEMA641                        MOEMA       04077022SAO PAULO      SP                                  16051700 000002
21160520170000000029292                                                                                                                                                                                                                                                                                                                                                                                   000003
9     
